@article{kelleher2016efficient,
  title={Efficient coalescent simulation and genealogical analysis for large sample sizes},
  author={Kelleher, Jerome and Etheridge, Alison M and McVean, Gilean},
  journal={PLoS computational biology},
  volume={12},
  number={5},
  pages={e1004842},
  year={2016},
  publisher={Public Library of Science}
}
@article{10002015global,
  title={A global reference for human genetic variation},
  author={1000 Genomes Project Consortium and others},
  journal={Nature},
  volume={526},
  number={7571},
  pages={68},
  year={2015},
  publisher={NIH Public Access}
}
@article{jouganous2017inferring,
  title={Inferring the joint demographic history of multiple populations: beyond the diffusion approximation},
  author={Jouganous, Julien and Long, Will and Ragsdale, Aaron P and Gravel, Simon},
  journal={Genetics},
  volume={206},
  number={3},
  pages={1549--1567},
  year={2017},
  publisher={Oxford University Press}
}
@article{gutenkunst2009inferring,
  title={Inferring the joint demographic history of multiple populations from multidimensional SNP frequency data},
  author={Gutenkunst, Ryan N and Hernandez, Ryan D and Williamson, Scott H and Bustamante, Carlos D},
  journal={PLoS genetics},
  volume={5},
  number={10},
  pages={e1000695},
  year={2009},
  publisher={Public Library of Science San Francisco, USA}
}
@article{nielsen2025inference,
  title={Inference and applications of ancestral recombination graphs},
  author={Nielsen, Rasmus and Vaughn, Andrew H and Deng, Yun},
  journal={Nature Reviews Genetics},
  volume={26},
  number={1},
  pages={47--58},
  year={2025},
  publisher={Nature Publishing Group UK London}
}
@article{yc2022evaluation,
  title={Evaluation of methods for estimating coalescence times using ancestral recombination graphs},
  author={Brandt, D{\'e}bora YC and Wei, Xinzhu and Deng, Yun and Vaughn, Andrew H and Nielsen, Rasmus},
  journal={Genetics},
  volume={221},
  number={1},
  pages={iyac044},
  year={2022},
  publisher={Oxford University Press}
}
@article{brandt2024promise,
  title={The promise of inferring the past using the ancestral recombination graph},
  author={Brandt, D{\'e}bora YC and Huber, Christian D and Chiang, Charleston WK and Ortega-Del Vecchyo, Diego},
  journal={Genome biology and evolution},
  volume={16},
  number={2},
  pages={evae005},
  year={2024},
  publisher={Oxford University Press US}
}
@article{fan2023likelihood,
  title={A likelihood-based framework for demographic inference from genealogical trees},
  author={Fan, Caoqi and Cahoon, Jordan L and Dinh, Bryan L and Ortega-Del Vecchyo, Diego and Huber, Christian and Edge, Michael D and Mancuso, Nicholas and Chiang, Charleston WK},
  journal={bioRxiv},
  year={2023}
}
@article{gravel2011demographic,
  title={Demographic history and rare allele sharing among human populations},
  author={Gravel, Simon and Henn, Brenna M and Gutenkunst, Ryan N and Indap, Amit R and Marth, Gabor T and Clark, Andrew G and Yu, Fuli and Gibbs, Richard A and 1000 Genomes Project and Bustamante, Carlos D and others},
  journal={Proceedings of the National Academy of Sciences},
  volume={108},
  number={29},
  pages={11983--11988},
  year={2011},
  publisher={National Academy of Sciences}
}
@article{marth2004allele,
  title={The allele frequency spectrum in genome-wide human variation data reveals signals of differential demographic history in three large world populations},
  author={Marth, Gabor T and Czabarka, Eva and Murvai, Janos and Sherry, Stephen T},
  journal={Genetics},
  volume={166},
  number={1},
  pages={351--372},
  year={2004},
  publisher={Oxford University Press}
}
@article{kim2017inference,
  title={Inference of the distribution of selection coefficients for new nonsynonymous mutations using large samples},
  author={Kim, Bernard Y and Huber, Christian D and Lohmueller, Kirk E},
  journal={Genetics},
  volume={206},
  number={1},
  pages={345--361},
  year={2017},
  publisher={Oxford University Press}
}
@article{eyre2006distribution,
  title={The distribution of fitness effects of new deleterious amino acid mutations in humans},
  author={Eyre-Walker, Adam and Woolfit, Megan and Phelps, Ted},
  journal={Genetics},
  volume={173},
  number={2},
  pages={891--900},
  year={2006},
  publisher={Oxford University Press}
}
@article{boyko2008assessing,
  title={Assessing the evolutionary impact of amino acid mutations in the human genome},
  author={Boyko, Adam R and Williamson, Scott H and Indap, Amit R and Degenhardt, Jeremiah D and Hernandez, Ryan D and Lohmueller, Kirk E and Adams, Mark D and Schmidt, Steffen and Sninsky, John J and Sunyaev, Shamil R and others},
  journal={PLoS genetics},
  volume={4},
  number={5},
  pages={e1000083},
  year={2008},
  publisher={Public Library of Science San Francisco, USA}
}
@article{kim2002detecting,
  title={Detecting a local signature of genetic hitchhiking along a recombining chromosome},
  author={Kim, Yuseob and Stephan, Wolfgang},
  journal={Genetics},
  volume={160},
  number={2},
  pages={765--777},
  year={2002},
  publisher={Oxford University Press}
}
@article{nielsen2005genomic,
  title={Genomic scans for selective sweeps using SNP data},
  author={Nielsen, Rasmus and Williamson, Scott and Kim, Yuseob and Hubisz, Melissa J and Clark, Andrew G and Bustamante, Carlos},
  journal={Genome research},
  volume={15},
  number={11},
  pages={1566--1575},
  year={2005},
  publisher={Cold Spring Harbor Lab}
}
@article{dewitt2021nonparametric,
  title={Nonparametric coalescent inference of mutation spectrum history and demography},
  author={DeWitt, William S and Harris, Kameron Decker and Ragsdale, Aaron P and Harris, Kelley},
  journal={Proceedings of the National Academy of Sciences},
  volume={118},
  number={21},
  pages={e2013798118},
  year={2021},
  publisher={National Academy of Sciences}
}
@article{patel2024conditional,
  title={Conditional frequency spectra as a tool for studying selection on complex traits in biobanks},
  author={Patel, Roshni A and Wei{\ss}, Clemens L and Zhu, Huisheng and Mostafavi, Hakhamanesh and Simons, Yuval B and Spence, Jeffrey P and Pritchard, Jonathan K},
  journal={bioRxiv},
  year={2024}
}
@article{williamson2005simultaneous,
  title={Simultaneous inference of selection and population growth from patterns of variation in the human genome},
  author={Williamson, Scott H and Hernandez, Ryan and Fledel-Alon, Adi and Zhu, Lan and Nielsen, Rasmus and Bustamante, Carlos D},
  journal={Proceedings of the National Academy of Sciences},
  volume={102},
  number={22},
  pages={7882--7887},
  year={2005},
  publisher={National Academy of Sciences}
}
@article{ragsdale2018genomic,
  title={Genomic inference using diffusion models and the allele frequency spectrum},
  author={Ragsdale, Aaron P and Moreau, Claudia and Gravel, Simon},
  journal={Current Opinion in Genetics \& Development},
  volume={53},
  pages={140--147},
  year={2018},
  publisher={Elsevier}
}
@article{kamm2020efficiently,
  title={Efficiently inferring the demographic history of many populations with allele count data},
  author={Kamm, Jack and Terhorst, Jonathan and Durbin, Richard and Song, Yun S},
  journal={Journal of the American Statistical Association},
  volume={115},
  number={531},
  pages={1472--1487},
  year={2020},
  publisher={Taylor \& Francis}
}
@article{dilber2024faster,
  title={Faster inference of complex demographic models from large allele frequency spectra},
  author={Dilber, Enes and Terhorst, Jonathan},
  journal={bioRxiv},
  year={2024}
}
@article{excoffier2011fastsimcoal,
  title={Fastsimcoal: a continuous-time coalescent simulator of genomic diversity under arbitrarily complex evolutionary scenarios},
  author={Excoffier, Laurent and Foll, Matthieu},
  journal={Bioinformatics},
  volume={27},
  number={9},
  pages={1332--1334},
  year={2011},
  publisher={Oxford University Press}
}
@article{gower2022demes,
  title={Demes: a standard format for demographic models},
  author={Gower, Graham and Ragsdale, Aaron P and Bisschop, Gertjan and Gutenkunst, Ryan N and Hartfield, Matthew and Noskova, Ekaterina and Schiffels, Stephan and Struck, Travis J and Kelleher, Jerome and Thornton, Kevin R},
  journal={Genetics},
  volume={222},
  number={3},
  pages={iyac131},
  year={2022},
  publisher={Oxford University Press}
}
@article{ragsdale2024archaic,
  title={Archaic introgression and the distribution of shared variation under stabilizing selection},
  author={Ragsdale, Aaron P},
  journal={bioRxiv},
  pages={2024--08},
  year={2024},
  publisher={Cold Spring Harbor Laboratory}
}
@article{baumdicker2022efficient,
  title={Efficient ancestry and mutation simulation with msprime 1.0},
  author={Baumdicker, Franz and Bisschop, Gertjan and Goldstein, Daniel and Gower, Graham and Ragsdale, Aaron P and Tsambos, Georgia and Zhu, Sha and Eldon, Bjarki and Ellerman, E Castedo and Galloway, Jared G and others},
  journal={Genetics},
  volume={220},
  number={3},
  pages={iyab229},
  year={2022},
  publisher={Oxford University Press}
}
@article{thornton2019polygenic,
  title={Polygenic adaptation to an environmental shift: temporal dynamics of variation under Gaussian stabilizing selection and additive effects on a single trait},
  author={Thornton, Kevin R},
  journal={Genetics},
  volume={213},
  number={4},
  pages={1513--1530},
  year={2019},
  publisher={Oxford University Press}
}
@article{noskova2023gadma2,
  title={GADMA2: more efficient and flexible demographic inference from genetic data},
  author={Noskova, Ekaterina and Abramov, Nikita and Iliutkin, Stanislav and Sidorin, Anton and Dobrynin, Pavel and Ulyantsev, Vladimir I},
  journal={GigaScience},
  volume={12},
  pages={giad059},
  year={2023},
  publisher={Oxford University Press}
}
@article{ragsdale2019models,
  title={Models of archaic admixture and recent history from two-locus statistics},
  author={Ragsdale, Aaron P and Gravel, Simon},
  journal={PLoS genetics},
  volume={15},
  number={6},
  pages={e1008204},
  year={2019},
  publisher={Public Library of Science San Francisco, CA USA}
}
@article{ragsdale2020unbiased,
  title={Unbiased estimation of linkage disequilibrium from unphased data},
  author={Ragsdale, Aaron P and Gravel, Simon},
  journal={Molecular Biology and Evolution},
  volume={37},
  number={3},
  pages={923--932},
  year={2020},
  publisher={Oxford University Press}
}
@article{momigliano2021biases,
  title={Biases in demographic modeling affect our understanding of recent divergence},
  author={Momigliano, Paolo and Florin, Ann-Britt and Meril{\"a}, Juha},
  journal={Molecular biology and evolution},
  volume={38},
  number={7},
  pages={2967--2985},
  year={2021},
  publisher={Oxford University Press}
}
@article{prufer2017high,
  title={A high-coverage Neandertal genome from Vindija Cave in Croatia},
  author={Pr{\"u}fer, Kay and De Filippo, Cesare and Grote, Steffi and Mafessoni, Fabrizio and Korlevi{\'c}, Petra and Hajdinjak, Mateja and Vernot, Benjamin and Skov, Laurits and Hsieh, Pinghsun and Peyr{\'e}gne, St{\'e}phane and others},
  journal={Science},
  volume={358},
  number={6363},
  pages={655--658},
  year={2017},
  publisher={American Association for the Advancement of Science}
}
@article{byrska2022high,
  title={High-coverage whole-genome sequencing of the expanded 1000 Genomes Project cohort including 602 trios},
  author={Byrska-Bishop, Marta and Evani, Uday S and Zhao, Xuefang and Basile, Anna O and Abel, Haley J and Regier, Allison A and Corvelo, Andr{\'e} and Clarke, Wayne E and Musunuri, Rajeeva and Nagulapalli, Kshithija and others},
  journal={Cell},
  volume={185},
  number={18},
  pages={3426--3440},
  year={2022},
  publisher={Elsevier}
}
@article{sumer2025earliest,
  title={Earliest modern human genomes constrain timing of Neanderthal admixture},
  author={S{\"u}mer, Arev P and Rougier, H{\'e}l{\`e}ne and Villalba-Mouco, Vanessa and Huang, Yilei and Iasi, Leonardo NM and Essel, Elena and Bossoms Mesa, Alba and Furtwaengler, Anja and Peyr{\'e}gne, St{\'e}phane and de Filippo, Cesare and others},
  journal={Nature},
  volume={638},
  number={8051},
  pages={711--717},
  year={2025},
  publisher={Nature Publishing Group}
}
@article{coffman2016computationally,
  title={Computationally efficient composite likelihood statistics for demographic inference},
  author={Coffman, Alec J and Hsieh, Ping Hsun and Gravel, Simon and Gutenkunst, Ryan N},
  journal={Molecular biology and evolution},
  volume={33},
  number={2},
  pages={591--593},
  year={2016},
  publisher={Oxford University Press}
}
@article{ewing2016consequences,
  title={The consequences of not accounting for background selection in demographic inference},
  author={Ewing, Gregory B and Jensen, Jeffrey D},
  journal={Molecular ecology},
  volume={25},
  number={1},
  pages={135--141},
  year={2016},
  publisher={Wiley Online Library}
}
@article{johri2021impact,
  title={The impact of purifying and background selection on the inference of population history: problems and prospects},
  author={Johri, Parul and Riall, Kellen and Becher, Hannes and Excoffier, Laurent and Charlesworth, Brian and Jensen, Jeffrey D},
  journal={Molecular biology and evolution},
  volume={38},
  number={7},
  pages={2986--3003},
  year={2021},
  publisher={Oxford University Press}
}
@article{mcvicker2009widespread,
  title={Widespread genomic signatures of natural selection in hominid evolution},
  author={McVicker, Graham and Gordon, David and Davis, Colleen and Green, Phil},
  journal={PLoS genetics},
  volume={5},
  number={5},
  pages={e1000471},
  year={2009},
  publisher={Public Library of Science San Francisco, USA}
}
@article{medina2023demographic,
  title={Demographic modeling of admixed Latin American populations from whole genomes},
  author={Medina-Mu{\~n}oz, Santiago G and Ortega-Del Vecchyo, Diego and Cruz-Hervert, Luis Pablo and Ferreyra-Reyes, Leticia and Garc{\'\i}a-Garc{\'\i}a, Lourdes and Moreno-Estrada, Andr{\'e}s and Ragsdale, Aaron P},
  journal={The American Journal of Human Genetics},
  volume={110},
  number={10},
  pages={1804--1816},
  year={2023},
  publisher={Elsevier}
}
